@misc{apple,
  title        = "HomeKit [Электронный ресурс].",
  howpublished = "URL: \url{https://www.apple.com/shop/accessories/all/homekit} (Дата обращения: 20.05.2024)"
}

@misc{intel,
  title        = "Intel Iot Platform [Электронный ресурс].",
  howpublished = "URL: \url{https://www.intel.com/content/www/us/en/support/ru-banner-inside.html} (Дата обращения: 20.05.2024)"
}

@misc{mts,
  title        = "MTS IoT HUB [Электронный ресурс].",
  howpublished = "URL: \url{https://business.mts.ru/moskva/iot-platforma} (Дата обращения: 20.05.2024)"
}

@misc{xmi,
  title        = "Xiaomi MI [Электронный ресурс].",
  howpublished = "URL: \url{https://www.mi.com/ru/smart-home/} (Дата обращения: 20.05.2024)"
}

@misc{oracle,
  title        = "Oracle [Электронный ресурс].",
  howpublished = "URL: \url{https://www.oracle.com/cis/database/what-is-a-relational-database/} (Дата обращения: 20.05.2024)"
}

@misc{fedor,
  title        = "Сибирское отделение Российской академии наук [Электронный ресурс].",
  howpublished = "URL: \url{http://db4.sbras.ru/elbib/data/show_page.phtml?13+2300} (Дата обращения: 20.05.2024)"
}

@misc{microsoft,
  title        = "Learn Microsoft [Электронный ресурс].",
  howpublished = "URL: \url{https://learn.microsoft.com/ru-ru/azure/architecture/data-guide/big-data/non-relational-data} (Дата обращения: 20.5.2024)"
}

@misc{petr,
  title        = "Петрозаводский государственный университет [Электронный ресурс].",
  howpublished = "URL: \url{https://cs.petrsu.ru/studies/filatova_information/CMD_1996566_M/my_files/Inform/DataBase/} (Дата обращения: 20.05.2024)"
}

@article{diffdb,
	author="Тортика, А. С. and Ершов, А. С.",
	title="Обзор и анализ современных систем управления базами",
	year="2020",
	pages="79-81",
	journal="Компьютерные и информационные науки"
}

@misc{golang,
	title="Документация GoLang [Электронный ресурс].",
	howpublished="URL: \url{https://go.dev/doc/} (дата обращения: 22.05.2024)"
}

@misc{html,
	title="Документация HTML [Электронный ресурс].",
	howpublished="URL: \url{https://developer.mozilla.org/en-US/docs/Web/HTML} (дата обращения: 22.05.2024)"
}

@misc{css,
	title="Документация CSS [Электронный ресурс].",
	howpublished="URL: \url{https://developer.mozilla.org/en-US/docs/Web/CSS} (дата обращения: 22.05.2024)"
}

@misc{jsLang,
	title="Документация JavaScript [Электронный ресурс].",
	howpublished="URL: \url{https://developer.mozilla.org/en-US/docs/Web/JavaScript} (дата обращения: 25.05.2024)"
}

@misc{vscode,
	title="Документация Visual Studio Code [Электронный ресурс].",
	howpublished="URL: \url{https://code.visualstudio.com/docs} (дата обращения: 25.05.2024)"
}

@Book{cleanArch,
	author    = "Мартин, Р.",
	title     = "Чистая архитектура. Искусство разработки прогрммного обеспечения",
	publisher  = {СПб: Питер},
	year      = "2019. --- 106 с."
}

@misc{testcontainers,
	title="Документация Testcontainers [Электронный ресурс].",
	howpublished="URL: \url{https://golang.testcontainers.org} (дата обращения: 26.05.2024)"
}

@misc{goose,
	title="Документация Goose [Электронный ресурс].",
	howpublished="URL: \url{https://pkg.go.dev/github.com/pressly/goose/v3} (дата обращения: 26.05.2024)"
}

@misc{macos,
	title="macOS Sonoma [Электронный ресурс].",
	howpublished="URL: \url{https://www.apple.com/macos/sonoma/} (дата обращения: 26.05.2024)"
}

@Book{kranke,
  author    = "Кренке, Д.",
  title     = "Теория и практика построения базы данных",
  publisher = "Издательство дом «Питер»",
  year      = "2003. --- 39 с."
}
